% References for Multi-functional Robots (Polyfunctions Robot) Engineering Seminar
% APA 7th Edition Format for biblatex
% Graduate-level engineering sources focusing on technical aspects

% ========== SECTION A: Multi-functional Robot Architectures & Mechanical Design ==========

@article{liang2025decoding,
    author = {Liang, Guanqi and Wu, Di and Tu, Yuxiao and Lam, Tin Lun},
    title = {Decoding modular reconfigurable robots: A survey on mechanisms and design},
    journal = {The International Journal of Robotics Research},
    volume = {44},
    number = {5},
    year = {2025},
    doi = {10.1177/02783649241283847},
    url = {https://journals.sagepub.com/doi/abs/10.1177/02783649241283847}
}

@article{post2023modular,
    author = {Post, Mark A. and Yan, Xiu-Tian and Letier, Pierre and others},
    title = {Modular self-configurable robots—The state of the art},
    journal = {Actuators},
    volume = {12},
    number = {9},
    pages = {361},
    year = {2023},
    doi = {10.3390/act12090361},
    publisher = {MDPI}
}

@article{krishnan2023deep,
    author = {Krishnan, Gokul and Pillai, Harikrishnan and Garg, Sahil},
    title = {Deep Learning-driven design of robot mechanisms},
    journal = {ASME Journal of Computing and Information Science in Engineering},
    volume = {23},
    number = {6},
    pages = {060811},
    year = {2023},
    doi = {10.1115/1.4062745}
}

@article{li2025finite,
    author = {Li, Hao and Li, Yang},
    title = {Finite element analysis and structural optimization design of multifunctional robotic arm for garbage truck},
    journal = {Frontiers in Mechanical Engineering},
    volume = {11},
    pages = {1543967},
    year = {2025},
    doi = {10.3389/fmech.2025.1543967}
}

@article{ieee2023dynamic,
    author = {{IEEE Contributors}},
    title = {Dynamic modeling of bellows-actuated continuum robots using the Euler–Lagrange formalism},
    journal = {IEEE Transactions on Robotics},
    volume = {39},
    number = {4},
    pages = {2875--2891},
    year = {2023},
    doi = {10.1109/TRO.2023.3268586}
}

@article{seo2019modular,
    author = {Seo, Jungwon and Paik, Mark},
    title = {Modular reconfigurable robotics},
    journal = {Annual Review of Control, Robotics, and Autonomous Systems},
    volume = {2},
    pages = {63--88},
    year = {2019},
    doi = {10.1146/annurev-control-053018-023834}
}

% ========== SECTION B: Control Systems & Automation ==========

@article{tassi2024multimodal,
    author = {Tassi, Francesco and Ajoudani, Arash},
    title = {Multi-modal and adaptive robot control through hierarchical quadratic programming},
    journal = {Journal of Intelligent \& Robotic Systems},
    volume = {110},
    pages = {164},
    year = {2024},
    doi = {10.1007/s10846-024-02193-1},
    publisher = {Springer}
}

@article{ieee2019continuous,
    author = {{IEEE Conference}},
    title = {Continuous task transition approach for robot controller based on hierarchical quadratic programming},
    journal = {IEEE Robotics and Automation Letters},
    pages = {8630545},
    year = {2019},
    url = {https://ieeexplore.ieee.org/document/8630545/}
}

@article{ieee2015prioritized,
    author = {{IEEE Conference}},
    title = {Prioritized planning algorithms for trajectory coordination of multiple mobile robots},
    journal = {IEEE Transactions on Automation Science and Engineering},
    pages = {7138650},
    year = {2015},
    url = {https://ieeexplore.ieee.org/document/7138650/}
}

@inproceedings{ieee2020robot,
    author = {{IEEE Conference}},
    title = {Robot formation control based on Internet of Things technology platform},
    booktitle = {IEEE Conference Publication},
    pages = {9087868},
    year = {2020},
    url = {https://ieeexplore.ieee.org/document/9087868/}
}

@inproceedings{ieee2015towards,
    author = {{IEEE Conference}},
    title = {Towards multi-functional robot-based automation systems},
    booktitle = {IEEE Conference Publication},
    pages = {7347804},
    year = {2015},
    url = {https://ieeexplore.ieee.org/document/7347804}
}

% ========== SECTION C: Hardware Technologies - Actuators & Sensors ==========

@article{jin2021origami,
    author = {Jin, Tieshan and Li, Ling and Wang, Teng and Wang, Guanjun and Cai, Jianzhong and Tian, Yanwen and Zhang, Qing},
    title = {Origami-inspired soft actuators for stimulus perception and crawling robot applications},
    journal = {IEEE Transactions on Robotics},
    volume = {38},
    number = {2},
    pages = {748--764},
    year = {2021},
    doi = {10.1109/TRO.2021.3096644}
}

@article{yang2024body,
    author = {Yang, Min Jun and Cho, Jongwoo and Chung, Hyosang and Park, Keonwoo and Kim, Junghan},
    title = {A body-scale robotic skin using distributed multimodal sensing modules: Design, evaluation, and application},
    journal = {IEEE Transactions on Robotics},
    volume = {40},
    pages = {2709--2719},
    year = {2024},
    doi = {10.1109/TRO.2024.3502204}
}

@article{ieee2024compact,
    author = {{IEEE/ASME Contributors}},
    title = {A compact variable stiffness actuator for agile legged locomotion},
    journal = {IEEE/ASME Transactions on Mechatronics},
    pages = {3409115},
    year = {2024},
    doi = {10.1109/TMECH.2024.3409115}
}

@article{athar2023vistac,
    author = {Athar, Sheeraz and Patel, Gaurav and Xu, Zhenishbek and Qiu, Qiushi and She, Yu},
    title = {VisTac toward a unified multimodal sensing finger for robotic manipulation},
    journal = {IEEE Sensors Journal},
    volume = {23},
    number = {20},
    pages = {25440--25450},
    year = {2023},
    doi = {10.1109/JSEN.2023.3310918}
}

@article{asme2020fundamental,
    author = {{Multiple IEEE/ASME Contributors}},
    title = {Fundamental theory, algorithms, design, manufacture and experimental validation for mechanisms and robots},
    journal = {ASME Journal of Mechanisms and Robotics},
    note = {Monthly publication},
    year = {2020--2024},
    issn = {1942-4302}
}

% ========== SECTION D: Industrial Applications & Collaborative Robots ==========

@article{mohammadi2023mobile,
    author = {Mohammadi Zeidi, Ghazaleh and Ahmadi Bahram, Tahereh and Zoppi, Matteo and Molfino, Rezia},
    title = {Mobile manipulators in Industry 4.0: A review of developments for industrial applications},
    journal = {Sensors},
    volume = {23},
    number = {19},
    pages = {8026},
    year = {2023},
    doi = {10.3390/s23198026},
    publisher = {MDPI}
}

@article{vitolo2022mobile,
    author = {Vitolo, Ferdinando and Rega, Alessandro and Di Marino, Claudio and Pasquariello, Antonio and Zanella, Angelo and Patalano, Stanislao},
    title = {Mobile robots and cobots integration: A preliminary design of a mechatronic interface by using MBSE approach},
    journal = {Applied Sciences},
    volume = {12},
    number = {1},
    pages = {419},
    year = {2022},
    doi = {10.3390/app12010419},
    publisher = {MDPI}
}

@article{asme2023survey,
    author = {{Multiple ASME Authors}},
    title = {A survey of wheeled mobile manipulation: A decision-making perspective},
    journal = {Journal of Mechanisms and Robotics},
    volume = {15},
    number = {2},
    pages = {020801},
    year = {2023},
    note = {Available through ASME Digital Collection}
}

@inproceedings{bostelman2016mobile,
    author = {Bostelman, Roger V. and Foufou, Sebti and Legowik, Steven A. and Hong, Tsai H.},
    title = {Mobile manipulator performance measurement towards manufacturing assembly tasks},
    booktitle = {Proceedings of the 13th IFIP International Conference on Product Lifecycle Management (PLM16)},
    year = {2016},
    organization = {National Institute of Standards and Technology},
    url = {https://www.nist.gov/publications/mobile-manipulator-performance-measurement-towards-manufacturing-assembly-tasks}
}

@article{xie2024pose,
    author = {Xie, Yanling and Liu, Juntong and Yang, Yiting},
    title = {Pose optimization for mobile manipulator grasping based on hybrid manipulability},
    journal = {Industrial Robot},
    volume = {51},
    number = {1},
    pages = {134--147},
    year = {2024},
    doi = {10.1108/IR-06-2023-0128},
    publisher = {Emerald Publishing}
}

% ========== SECTION E: Safety Standards & Performance Optimization ==========

@manual{iso2025robotics,
    author = {{International Organization for Standardization}},
    title = {Robotics — Safety requirements — Part 1: Industrial robots},
    number = {ISO 10218-1:2025},
    address = {Geneva, Switzerland},
    year = {2025},
    url = {https://www.iso.org/standard/73933.html}
}

@article{elsayed2024decentralized,
    author = {Elsayed, Ahmed M. and Elshalakani, Mohamed and Hammad, Sherif A. and Maged, Sherif A.},
    title = {Decentralized fault-tolerant control of multi-mobile robot system addressing LiDAR sensor faults},
    journal = {Scientific Reports},
    volume = {14},
    pages = {25713},
    year = {2024},
    doi = {10.1038/s41598-024-75500-3},
    publisher = {Nature Publishing Group}
}